<record><leader>00000cas a22000007a 4500</leader><controlfield tag="001">13205873</controlfield><controlfield tag="008">860227d19081961iduwr ne      0    0eng d</controlfield><datafield ind1=" " ind2=" " tag="010"><subfield code="a">sn 86091130 </subfield></datafield><datafield ind1=" " ind2=" " tag="040"><subfield code="a">UNP</subfield><subfield code="b">eng</subfield><subfield code="c">UNP</subfield><subfield code="d">NVB</subfield><subfield code="d">OCLCQ</subfield><subfield code="d">OCLCF</subfield><subfield code="d">OCLCO</subfield></datafield><datafield ind1="1" ind2=" " tag="029"><subfield code="a">AU@</subfield><subfield code="b">000025795946</subfield></datafield><datafield ind1=" " ind2=" " tag="042"><subfield code="a">msc</subfield></datafield><datafield ind1=" " ind2=" " tag="043"><subfield code="a">n-us-id</subfield></datafield><datafield ind1=" " ind2="4" tag="050"><subfield code="a">AN2.I2</subfield><subfield code="b">O34</subfield></datafield><datafield ind1="0" ind2="4" tag="245"><subfield code="a">The Oakley herald.</subfield></datafield><datafield ind1=" " ind2=" " tag="260"><subfield code="a">Oakley, Idaho :</subfield><subfield code="b">A.A. Tanner</subfield></datafield><datafield ind1=" " ind2=" " tag="300"><subfield code="a">v. :</subfield><subfield code="b">ill.</subfield></datafield><datafield ind1="1" ind2=" " tag="362"><subfield code="a">Began in 1908; ceased in 1961.</subfield></datafield><datafield ind1=" " ind2=" " tag="525"><subfield code="a">Supplements accompany some issues.</subfield></datafield><datafield ind1=" " ind2=" " tag="588"><subfield code="a">Description based on: Vol. 4, no. 1 (Feb. 18, 1910).</subfield></datafield><datafield ind1=" " ind2="0" tag="651"><subfield code="a">Oakley (Idaho)</subfield><subfield code="v">Newspapers.</subfield></datafield><datafield ind1=" " ind2="7" tag="655"><subfield code="a">Newspapers.</subfield><subfield code="2">fast</subfield><subfield code="0">(OCoLC)fst01423814</subfield></datafield><datafield ind1=" " ind2="7" tag="651"><subfield code="a">Idaho</subfield><subfield code="z">Oakley.</subfield><subfield code="2">fast</subfield><subfield code="0">(OCoLC)fst01248258</subfield></datafield><datafield ind1=" " ind2=" " tag="752"><subfield code="a">United States</subfield><subfield code="b">Idaho</subfield><subfield code="c">Cassia</subfield><subfield code="d">Oakley.</subfield></datafield><datafield ind1="0" ind2="0" tag="780"><subfield code="t">Oakley eagle</subfield><subfield code="w">(DLC)sn 86091131</subfield></datafield></record>